<record><leader>00000cas a22000007a 4500</leader><controlfield tag="001">14391204</controlfield><controlfield tag="008">861014d19441959pauwr ne      0    0eng d</controlfield><datafield ind1=" " ind2=" " tag="010"><subfield code="a">sn 86083287 </subfield></datafield><datafield ind1=" " ind2=" " tag="040"><subfield code="a">NPH</subfield><subfield code="b">eng</subfield><subfield code="c">NPH</subfield><subfield code="d">NSD</subfield><subfield code="d">OCLCQ</subfield></datafield><datafield ind1=" " ind2=" " tag="042"><subfield code="a">msc</subfield></datafield><datafield ind1="0" ind2="4" tag="245"><subfield code="a">The Selinsgrove times and the Snyder County tribune.</subfield></datafield><datafield ind1="1" ind2="3" tag="246"><subfield code="a">Selinsgrove times-tribune</subfield></datafield><datafield ind1=" " ind2=" " tag="260"><subfield code="a">Selinsgrove, Pa. :</subfield><subfield code="b">Selinsgrove Times, Inc.,</subfield><subfield code="c">1944-1959.</subfield></datafield><datafield ind1=" " ind2=" " tag="300"><subfield code="a">15 v. :</subfield><subfield code="b">ill. ;</subfield><subfield code="c">55-57 cm.</subfield></datafield><datafield ind1=" " ind2=" " tag="310"><subfield code="a">Weekly</subfield></datafield><datafield ind1="0" ind2=" " tag="362"><subfield code="a">One hundred thirtieth year, no. 15 (Apr. 13, 1944)-145th yr., no. 31 (July 30, 1959).</subfield></datafield><datafield ind1=" " ind2=" " tag="500"><subfield code="a">Published every Thursday.</subfield></datafield><datafield ind1=" " ind2=" " tag="752"><subfield code="a">United States</subfield><subfield code="b">Pennsylvania</subfield><subfield code="c">Snyder</subfield><subfield code="d">Selinsgrove.</subfield></datafield><datafield ind1="0" ind2="4" tag="780"><subfield code="t">Selinsgrove times</subfield><subfield code="w">(DLC)sn 84026390</subfield></datafield><datafield ind1="0" ind2="4" tag="780"><subfield code="t">Snyder County tribune</subfield><subfield code="w">(DLC)sn 86053633</subfield></datafield><datafield ind1="0" ind2="0" tag="785"><subfield code="t">Selinsgrove times-tribune</subfield><subfield code="x">1080-045X</subfield><subfield code="w">(DLC)sn 86083288</subfield></datafield></record>